% Encoding: UTF-8

@Article{Landauer1989,
  author  = {Landauer, Rolf},
  title   = {Nanostructure physics: fashion or depth},
  journal = {Nanostructure Physics and Fabrication},
  year    = {1989},
  pages   = {17--30},
}


@Book{Klug1974c,
  title     = {X-Ray Diffraction Procedures for Crystalline and Amorphous Solids.},
  publisher = {Wiley-Interscience New York, NY, USA},
  year      = {1974},
  author    = {Klug, H.P. and Alexander, L. E.},
  isbn      = {978-0-471-49369-3},
  url       = {https://www.amazon.com/X-Ray-Diffraction-Procedures-Polycrystalline-Amorphous/dp/0471493694?SubscriptionId=0JYN1NVW651KCA56C102&tag=techkie-20&linkCode=xm2&camp=2025&creative=165953&creativeASIN=0471493694},
}


@Comment{jabref-meta: databaseType:bibtex;}
